<collection xmlns="http://www.loc.gov/MARC21/slim"><record><leader>00970nam  2200313   450</leader><controlfield tag="001">785</controlfield><controlfield tag="003">http://montalegre.opacnet.com/OPAC/default.aspx?ContentAreaControl=ShowRegHoldings.ascx&amp;RegNo=16662</controlfield><controlfield tag="005">20</controlfield><datafield tag="010" ind1=" " ind2=" "><subfield code="a">972-41-1691-3</subfield></datafield><datafield tag="021" ind1=" " ind2=" "><subfield code="a">PT</subfield><subfield code="b">23153/05</subfield></datafield><datafield tag="100" ind1=" " ind2=" "><subfield code="a">20030616d2002    c  y0pory0103    ba</subfield></datafield><datafield tag="101" ind1="0" ind2=" "><subfield code="a">por</subfield></datafield><datafield tag="102" ind1=" " ind2=" "><subfield code="a">PT</subfield></datafield><datafield tag="105" ind1=" " ind2=" "><subfield code="a">a   z   000yy</subfield></datafield><datafield tag="106" ind1=" " ind2=" "><subfield code="a">r</subfield></datafield><datafield tag="200" ind1="1" ind2=" "><subfield code="a">À beira do lago dos encantos</subfield><subfield code="f">Maria Alberta Menéres</subfield><subfield code="g">il. José M. Ribeiro, Pedro Aguilar</subfield></datafield><datafield tag="205" ind1=" " ind2=" "><subfield code="a">13ª ed</subfield></datafield><datafield tag="210" ind1=" " ind2=" "><subfield code="a">Porto</subfield><subfield code="c">Asa</subfield><subfield code="d">2006</subfield></datafield><datafield tag="215" ind1=" " ind2=" "><subfield code="a">62, [1] p.</subfield><subfield code="c">il.</subfield><subfield code="d">21 cm</subfield></datafield><datafield tag="225" ind1="2" ind2=" "><subfield code="a">Biblioteca Maria Alberta Menéres</subfield></datafield><datafield tag="675" ind1=" " ind2=" "><subfield code="a">087.5</subfield></datafield><datafield tag="675" ind1=" " ind2=" "><subfield code="a">821.134.3-2"19"</subfield></datafield><datafield tag="675" ind1=" " ind2=" "><subfield code="a">821.134.3-93"19"</subfield></datafield><datafield tag="700" ind1=" " ind2="1"><subfield code="a">Menéres</subfield><subfield code="b">Maria Alberta</subfield><subfield code="f">1930-</subfield></datafield><datafield tag="702" ind1=" " ind2="1"><subfield code="a">Ribeiro</subfield><subfield code="b">José Miguel</subfield><subfield code="4">440</subfield></datafield><datafield tag="702" ind1=" " ind2="1"><subfield code="a">Aguilar</subfield><subfield code="b">Pedro</subfield><subfield code="4">440</subfield></datafield><datafield tag="801" ind1=" " ind2="0"><subfield code="a">PT</subfield><subfield code="b">Biblioteca Municipal de Montalegre</subfield><subfield code="g">RPC</subfield></datafield><datafield tag="856" ind1=" " ind2=" "><subfield code="u">locateMedia.asp?cod=20060622092634&amp;ext=jpg</subfield><subfield code="z">CAPA</subfield></datafield><datafield tag="909" ind1="&#9;" ind2=" "><subfield code="a">2</subfield></datafield><datafield tag="966" ind1=" " ind2=" "><subfield code="a">0016757</subfield><subfield code="l">BMM</subfield><subfield code="s">SI 82-93 MEN bei</subfield></datafield><datafield tag="966" ind1=" " ind2=" "><subfield code="a">1001599</subfield><subfield code="l">BEM</subfield><subfield code="s">BEM 82-93 MEN</subfield></datafield></record></collection>